@Preamble{ " \newcommand{\noop}[1]{} " }

@inproceedings{gretsi,
  TITLE = {{Décomposition Non-négative de Dynamiques Géophysiques}},
  AUTHOR = {Lopez-Radcenco, M. and  Aissa-El-Bey, A. and  Tandéo, P and  Fablet, R.},
  ADDRESS = {Juan-Les-Pins, France},
  booktitle = {GRESTSI 2017: XXVIème colloque du GRETSI},
    year = {Forthcoming},
 }

@INPROCEEDINGS{SR_remote_sensing,
author={D. Yang and Z. Li and Y. Xia and Z. Chen},
booktitle={2015 IEEE International Conference on Digital Signal Processing (DSP)},
title={Remote sensing image super-resolution: Challenges and approaches},
year={2015},
pages={196-200},
keywords={frequency-domain analysis;geophysical image processing;image resolution;interpolation;learning (artificial intelligence);probability;remote sensing;complex atmospheric conditions;frequency domain based method;image processing;interpolation based method;learning based method;probability based method;remote sensing image superresolution;satellite imagery;Image reconstruction;Interpolation;Remote sensing;Signal resolution;Spatial resolution;Wavelet transforms;Super resolution;observation model;remote sensing},
doi={10.1109/ICDSP.2015.7251858},
ISSN={1546-1874},
month={July},}

@INPROCEEDINGS{redouane,
author={Lguensat, R. and Tandéo, P. and Ailliot, P. and Pulido M. and Fablet, R.},
booktitle={Monthly Weather Review},
title={The Analog Data Assimilation},
year={Submitted},
}

@article{analog,
author = { E. N.  Lorenz },
title = {Atmospheric Predictability as Revealed by Naturally Occurring Analogues},
journal = {Journal of the Atmospheric Sciences},
volume = {26},
number = {4},
pages = {636-646},
year = {1969},
doi = {10.1175/1520-0469(1969)26<636:APARBN>2.0.CO;2}

@conference {lorenz,
	title = {Predictability: a problem partly solved},
	booktitle = {Seminar on Predictability, 4-8 September 1995},
	volume = {1},
	year = {1995},
	pages = {1-18},
	publisher = {ECMWF},
	organization = {ECMWF},
	address = {Shinfield Park, Reading},
	author = {Lorenz, E.N.}
}

@inproceedings{icip,
  TITLE = {{Locally-adapted convolution-based super-resolution of irregularly-sampled ocean remote sensing data}},
  AUTHOR = {Lopez-Radcenco, M. and Fablet, R. and Aissa-El-Bey, A. and Ailliot, P.},
  ADDRESS = {Beijing, China},
  booktitle = {ICIP 2017: 2017 IEEE International Conference on Image Processing},
  year = {Forthcoming},%2017},
  %MONTH = {September},
 }

@inproceedings{fablet_igarss,
  TITLE = {{Learning multi-tracer convolutional models for the
reconstruction of high-resolution SSH fields}},
  AUTHOR = {Fablet, R. and Lopez-
  Radcenco, M. and Verron, J. and Mourre, B. and Chapron, B. and Pascual,  A.},
  ADDRESS = {Fort Worth, Texas, USA},
  booktitle = {IGARSS 2017: 2017 IEEE International Geoscience and Remote Sensing Symposium},
    year = {Forthcoming},%2017},
  %MONTH = {July},
 }


@unpublished{fablet_hal,
  TITLE = {{Improving mesoscale altimetric data from a multi-tracer convolutional processing of standard satellite-derived products}},
  AUTHOR = {Fablet, Ronan and Verron, Jacques and Mourre, Baptiste and Chapron, Bertrand and Pascual, Ananda},
  URL = {https://hal.archives-ouvertes.fr/hal-01365761},
  NOTE = {working paper or preprint},
  YEAR = {2016},
  MONTH = Oct,
  KEYWORDS = { Sea Surface Temperature ; convolutional models ;  super-resolution ;  OSSE ;  western Mediterranean Sea ; Sea Surface Height},
  PDF = {{https://hal.archives-ouvertes.fr/hal-01365761/file/improving-mesoscale-altimetric\%20\%2810\%29.pdf}},
  HAL_ID = {hal-01365761},
  HAL_VERSION = {v2},
}


@article{maze_pio,
title = "Coherent heat patterns revealed by unsupervised classification of Argo temperature profiles in the North Atlantic Ocean ",
journal = "Progress in Oceanography ",
volume = "151",
number = "",
pages = "275 - 292",
year = "2017",
note = "",
issn = "0079-6611",
doi = "https://doi.org/10.1016/j.pocean.2016.12.008",
url = "http://www.sciencedirect.com/science/article/pii/S0079661116300714",
author = "Guillaume Maze and Herlé Mercier and Ronan Fablet and Pierre Tandeo and Manuel Lopez-Radcenco and Philippe Lenca and Feucher, Ch.  and  Le Goff, C.",
keywords = "Heat content",
keywords = "Classification",
keywords = "North Atlantic",
keywords = "Stratification",
keywords = "Water mass",
keywords = "Thermocline",
keywords = "Argo",
keywords = "Pattern "
}


@inproceedings{maze_osd,
  TITLE = {Ocean Heat Content Structure Revealed by Un-Supervised Classification of Hydrographic Profiles},
  AUTHOR = {Maze, G. and Mercier, H. and Fablet, R. and Lenca, P. and Lopez Radcenco, M. and Tandeo, P. and Le Goff, C. and Feucher, Ch.},
  URL = {https://hal.archives-ouvertes.fr/hal-01345101},
  BOOKTITLE = {{OSD 2016: Ocean Sciences Meeting}},
  ADDRESS = {New Orleans, United States},
  HAL_LOCAL_REFERENCE = {17014},
  YEAR = {2016},
  MONTH = Feb,
  KEYWORDS = {Ocean heat ; Unsupervised classification ; Hydrographic Profiles},
  HAL_ID = {hal-01345101},
  HAL_VERSION = {v1},
}

@inproceedings{esann,
  TITLE = {{Non-negative decomposition of geophysical dynamics}},
  AUTHOR = {Lopez-Radcenco, M. and  Aissa-El-Bey, A. and  Tandéo, P and  Fablet, R.},
  ADDRESS = {Bruges, Belgium},
  booktitle = {ESANN’17: 25th Eur. Symp. on Artificial Neural Networks, Computational Intelligence and Machine Learning},
    year = {2017},
  MONTH = {April},
 }

 
@article{tandeo,
author={Tandeo, P. and Chapron, B. and Ba, S. and Autret, E. and Fablet, R.},
journal={Geoscience and Remote Sensing, IEEE Transactions on},
title={Segmentation of Mesoscale Ocean Surface Dynamics Using Satellite  {SST} and {SSH} Observations},
year={2014},
month={July},
volume={52},
number={7},
pages={4227-4235},
keywords={height measurement;ocean temperature;oceanographic techniques;regression analysis;sea level;SSH-SST spatiotemporal relationships;altimeter derived SSH;mesoscale ocean dynamics;mesoscale ocean surface dynamics segmentation;multisatellite measurements;novel latent class regression model;observation driven framework;ocean circulation;satellite SSH observations;satellite SST observations;sea surface height;sea surface temperature;upper ocean dynamics;Ocean temperature;Remote sensing;Sea surface;Spatiotemporal phenomena;Temperature measurement;Transfer functions;Altimetry;remote sensing;sea surface;statistics;temperature},
doi={10.1109/TGRS.2013.2280494},
ISSN={0196-2892},}


@misc{EM_notes,
  Author = {P. Smyth},
  Institution = {University of California},
  Howpublished = {University Lecture},
  Year = {2015},
  Title = {Finite Mixture Models and the EM Algorithm},
  url = {http://www.ics.uci.edu/~smyth/courses/cs274/notes/notes4.pdf}
}

@misc{ALS_notes,
  Author = {R. Zadeh and H. Li and B. He and M. Lublin and
Y. Perez},
  Institution = {Stanford University},
  Howpublished = {University Lecture},
  Year = {2015},
  Title = {CME 323: Distributed Algorithms and Optimization, Spring 2015},
  url = {http://stanford.edu/~rezab/dao/notes/lec14.pdf}
}

@ARTICLE{ALS_1,
   author = {{Hastie}, T. and {Mazumder}, R. and {Lee}, J. and {Zadeh}, R.
	},
    title = {Matrix Completion and Low-Rank SVD via Fast Alternating Least Squares},
  journal = {ArXiv e-prints},
archivePrefix = {arXiv},
   eprint = {1410.2596},
 primaryClass = {stat.ME},
 keywords = {Statistics - Methodology, Statistics - Machine Learning},
     year = {2014},
    month = {October},
   adsurl = {http://adsabs.harvard.edu/abs/2014arXiv1410.2596H},
  adsnote = {Provided by the SAO/NASA Astrophysics Data System}
}

@ARTICLE{ALS_2,
   author = {{Zachariah}, D. and {Sundin}, M. and {Jansson}, M. and {Chatterjee}, S.
	},
    title = {Alternating Least-Squares for Low-Rank Matrix Reconstruction},
  journal = {IEEE Signal Processing Letters},
archivePrefix = {arXiv},
   eprint = {1206.2493},
 primaryClass = {math.ST},
     year = {2012},
    month = {April},
   volume = {19},
    pages = {231-234},
      doi = {10.1109/LSP.2012.2188026},
   adsurl = {http://adsabs.harvard.edu/abs/2012ISPL...19..231Z},
  adsnote = {Provided by the SAO/NASA Astrophysics Data System}
}

@inproceedings{ALS_3,
 author = {G. Tak\'{a}cs and D. Tikk},
 title = {Alternating Least Squares for Personalized Ranking},
 booktitle = {Proceedings of the Sixth ACM Conference on Recommender Systems},
 series = {RecSys '12},
 year = {2012},
 isbn = {978-1-4503-1270-7},
 location = {Dublin, Ireland},
 pages = {83--90},
 numpages = {8},
 url = {http://doi.acm.org/10.1145/2365952.2365972},
 doi = {10.1145/2365952.2365972},
 acmid = {2365972},
 publisher = {ACM},
 address = {New York, NY, USA},
 keywords = {alternating least squares, collaborative filtering, ranking},
} 


@TechReport{EM_tutorial,
  author = 	 {J. Bilmes},
  title = 	 {A Gentle Tutorial of the {EM} algorithm and its application to Parameter Estimation for {G}aussian Mixture and Hidden {M}arkov Models},
  institution =  {ICSI},
  year = 	 {1997},
  number = 	 {TR-97-021},
  url = {http://melodi.ee.washington.edu/people/bilmes/mypubs/bilmes1997-em.pdf}
}


@TECHREPORT{EM_paper,
    author = {F. Dellaert},
    title = {The Expectation Maximization Algorithm},
    institution = {Georgia Institute of Technology},
    year = {2002},
    url = {http://www.cc.gatech.edu/~dellaert/em-paper.pdf}
}


@book{orthogonal,
  title={Mathematical Methods and Algorithms for Signal Processing},
  author={T.K. Moon and W.C. Stirling},
  isbn={9780201361865},
  lccn={99031038},
  url={https://books.google.fr/books?id=1xUfAQAAIAAJ},
  year={2000},
  publisher={Prentice Hall}
}


@article{shrink_1,
    author = {O. Ledoit and M. Wolf},
    citeulike-article-id = {13175241},
    citeulike-linkout-0 = {http://dx.doi.org/10.3905/jpm.2004.110},
    doi = {10.3905/jpm.2004.110},
    issn = {0095-4918},
    journal = {The Journal of Portfolio Management},
    month = jan,
    number = {4},
    pages = {110--119},
    posted-at = {2014-05-19 07:32:49},
    priority = {2},
    title = {{Honey, I Shrunk the Sample Covariance Matrix}},
    url = {http://dx.doi.org/10.3905/jpm.2004.110},
    volume = {30},
    year = {2004}
}

@article{shrink_2,
    author = {J. Schäfer and K. Strimmer},
    title = {A Shrinkage Approach to Large-Scale Covariance Matrix Estimation and Implications for Functional Genomics },
    year = {2005},
    journal = {Statistical Applications in Genetics and Molecular Biology, The Berkeley Electronic Press},
    url = {http://www.bepress.com/sagmb/vol4/iss1/art32/},
    volume = {4}
}

@article{OLS_1,
author = { W.R. Reed  and  H. Ye},
title = {Which panel data estimator should I use?},
journal = {Applied Economics},
volume = {43},
number = {8},
pages = {985-1000},
year = {2011},
doi = {10.1080/00036840802600087},

URL = { 
        http://dx.doi.org/10.1080/00036840802600087
    
},
eprint = { 
        http://dx.doi.org/10.1080/00036840802600087
    
}

}

@book{OLS_2,
  added-at = {2006-09-29T17:06:41.000+0200},
  address = {Cambridge and London},
  author = {, J.M. Wooldridge},
  biburl = {http://www.bibsonomy.org/bibtex/243450720ab17540e4fce3251239ec0e8/gerhard},
  file = {#F#},
  interhash = {7634506fe1e40831d09521e99547f88b},
  intrahash = {43450720ab17540e4fce3251239ec0e8},
  isbn = {0262232197},
  keywords = {Equation Econometrics Models Multiple/Simultaneous with Methods},
  publisher = {MIT Press},
  timestamp = {2006-09-29T17:06:41.000+0200},
  title = {Econometric analysis of cross section and panel data},
  year = 2002,
  chapter = 7
}


@ARTICLE{ozerov,
author={Ozerov, A. and Févotte, C.},
journal={Audio, Speech, and Language Processing, IEEE Transactions on},
title={Multichannel Nonnegative Matrix Factorization in Convolutive Mixtures for Audio Source Separation},
year={2010},
month={March},
volume={18},
number={3},
pages={550-563},
keywords={Fourier transforms;audio signal processing;blind source separation;convolution;matrix decomposition;speech processing;statistical analysis;Fourier transform;Itakura-Saito divergence;NMF methodology;blind separation;convolutive mixtures;decomposition algorithm;expectation-maximization algorithm;general data-driven object-based model;linear instantaneous mixing;multichannel audio data;multichannel data;multichannel nonnegative matrix factorization;multiplicative update algorithm;music sources;signal separation evaluation campaign;source signals;speech sources;statistical model;stereo audio source separation;superimposed Gaussian component;supervised separation;synthetic instantaneous mixtures;underdetermined convolutive mixture;Expectation-maximization (EM) algorithm;multichannel audio;nonnegative matrix factorization (NMF);nonnegative tensor factorization (NTF);underdetermined convolutive blind source separation (BSS)},
doi={10.1109/TASL.2009.2031510},
ISSN={1558-7916},}

@article{fevotte,
 author = {F{\'e}votte, C. and Bertin, N. and Durrieu, J.L.},
 title = {Nonnegative Matrix Factorization with the Itakura-saito Divergence: With Application to Music Analysis},
 journal = {Neural Comput.},
 issue_date = {March 2009},
 volume = {21},
 number = {3},
 month = mar,
 year = {2009},
 issn = {0899-7667},
 pages = {793--830},
 numpages = {38},
 url = {http://dx.doi.org/10.1162/neco.2008.04-08-771},
 doi = {10.1162/neco.2008.04-08-771},
 acmid = {1512591},
 publisher = {MIT Press},
 address = {Cambridge, MA, USA},
}

@incollection{sparse,
year={2005},
isbn={978-3-540-26208-4},
booktitle={Computational Intelligence and Bioinspired Systems},
volume={3512},
series={Lecture Notes in Computer Science},
editor={Cabestany, J. and Prieto, A. and Sandoval, F.},
doi={10.1007/11494669_31},
title={Extended Sparse Nonnegative Matrix Factorization},
url={http://dx.doi.org/10.1007/11494669_31},
publisher={Springer Berlin Heidelberg},
author={Stadlthanner, K. and Theis, F.J. and Puntonet, C.G. and Lang, E.W.},
pages={249-256},
language={English}
}

@INPROCEEDINGS{ICE_1,
author={Pieczynski, W.},
booktitle={Statistical Signal Processing, 2007. SSP '07. IEEE/SP 14th Workshop on},
title={Convergence of the Iterative Conditional Estimation and Application to Mixture Proportion Identification},
year={2007},
pages={49-53},
keywords={Computational modeling;Convergence;Ice;Image segmentation;Iterative methods;Parameter estimation;Random variables;Iterative conditional estimation;incomplete data;mixture estimation},
doi={10.1109/SSP.2007.4301216},
month={Aug},}


@INPROCEEDINGS{ICE_2,
    author = {O. Aliagnat and J.M. Boucher and D.C. He and W. Pieczynski and Universitc De Sherbrooke},
    title = {Hidden Markov Fields and Unsupervised Segmentation of Images},
    booktitle = {IAPR 11th International Conference on Pattern Recognition (ICPR 92)},
    year = {1992}
}

@INPROCEEDINGS{ICE_3,
    author = {W. Pieczynski},
    title = {Parameter estimation in the case of hidden data},
    booktitle = {Proceedings 16th Biennal Symposium on Communications, Kingston, Canada},
    year = {1992}
}

@MISC{ICE_4,
    author = {W. Pieczynski},
    title = {Champs de Markov cachés et estimation conditionnelle itérative},
    publisher = {GRETSI, Saint Martin d'Hères, France},
    url = {http://hdl.handle.net/2042/2458},
    year = {1994}
}

@inproceedings{kmeans_1,
    author = {Macqueen, J. B.},
    booktitle = {Procedings of the Fifth Berkeley Symposium on Math, Statistics, and Probability},
    citeulike-article-id = {176467},
    keywords = {clustering},
    pages = {281--297},
    posted-at = {2009-02-09 14:08:38},
    priority = {2},
    publisher = {University of California Press},
    title = {{Some Methods for classification and analysis of multivariate observations}},
    volume = {1},
    year = {1967}
}

@INPROCEEDINGS{kmeans_2,
author={S. Na and L. Xumin and G. Yong},
booktitle={Intelligent Information Technology and Security Informatics (IITSI), 2010 Third International Symposium on},
title={Research on k-means Clustering Algorithm: An Improved k-means Clustering Algorithm},
year={2010},
pages={63-67},
keywords={data mining;pattern clustering;cluster centers;clustering analysis method;data mining;data object;k-means clustering algorithm;Algorithm design and analysis;Clustering algorithms;Computational complexity;Data engineering;Data mining;Educational institutions;Information analysis;Iterative algorithms;Machine learning;Partitioning algorithms;clustering analysis;computational complexity;distance;k-means algorithm},
doi={10.1109/IITSI.2010.74},
month={April},}

@ARTICLE{kmeans_3,
author={Kanungo, T. and Mount, D.M. and Netanyahu, N.S. and Piatko, C.D. and Silverman, R. and Wu, A.Y.},
journal={Pattern Analysis and Machine Intelligence, IEEE Transactions on},
title={An efficient k-means clustering algorithm: analysis and implementation},
year={2002},
volume={24},
number={7},
pages={881-892},
keywords={covariance matrices;filtering theory;pattern clustering;Lloyd algorithm;color quantization;data compression;data structure;data-sensitive analysis;filtering algorithm;image segmentation;k-means clustering algorithm;kd-tree;mean squared distance;Algorithm design and analysis;Clustering algorithms;Data analysis;Data compression;Data mining;Data structures;Filtering algorithms;Iterative algorithms;Machine learning algorithms;Pattern recognition},
doi={10.1109/TPAMI.2002.1017616},
ISSN={0162-8828},
month={Jul},}

@article{kernel_1,
    author = {B. Schölkopf and A. Smola and E. Smola and K.R. Müller},
    title = {Nonlinear Component Analysis as a Kernel Eigenvalue Problem},
    journal = {Neural Computation},
    year = {1998},
    volume = {10},
    pages = {1299--1319}
}

@article{kernel_2,
  author    = {Q. Wang},
  title     = {Kernel Principal Component Analysis and its Applications in Face Recognition
               and Active Shape Models},
  journal   = {CoRR},
  volume    = {abs/1207.3538},
  year      = {2012},
  url       = {http://arxiv.org/abs/1207.3538},
  timestamp = {Wed, 10 Oct 2012 21:28:54 +0200},
  biburl    = {http://dblp.uni-trier.de/rec/bib/journals/corr/abs-1207-3538},
  bibsource = {dblp computer science bibliography, http://dblp.org}
}


@article{latent,
year={1988},
issn={0176-4268},
journal={Journal of Classification},
volume={5},
number={2},
doi={10.1007/BF01897167},
title={A maximum likelihood methodology for clusterwise linear regression},
url={http://dx.doi.org/10.1007/BF01897167},
publisher={Springer-Verlag},
keywords={Cluster analysis; Multiple regression; Maximum likelihood estimation; E-M algorithm; Marketing trade shows},
author={DeSarbo, W.S. and Cron, W.L.},
pages={249-282},
language={English},
}

@article{parts,
	title = {Learning the parts of objects by non-negative matrix factorization},
	volume = {401},
	issn = {0028-0836},
	url = {http://dx.doi.org/10.1038/44565},
	doi = {10.1038/44565},
	number = {6755},
	journal = {Nature},
	author = {Lee, D.D. and Seung, H.S.},
	month = oct,
	year = {1999},
	pages = {788--791}
}

@ARTICLE{lasso,
    author = {R. Tibshirani},
    title = {Regression Shrinkage and Selection Via the Lasso},
    journal = {Journal of the Royal Statistical Society, Series B},
    year = {1994},
    volume = {58},
    pages = {267--288}
}

@article{Lapeyre,
        Author = {G. Lapeyre and P. Klein},
        Journal = {Journal of Physical Oceanography},
        Pages = {165--176},
        Title = {Dynamics of the Upper Oceanic Layers in Terms of Surface Quasigeostrophy Theory},
        Volume = {36},
        Year = {2006}}
        

@article{Klein,
        Author = {P. Klein and B. L. Hua and G. Lapeyre and X. Capet and S. {Le Gentil} and H. Sasaki},
        Journal = {Journal of Physical Oceanography},
        Pages = {1748--1763},
        Title = {Upper ocean turbulence from high {3-D} resolution simulations},
        Volume = {38},
        Year = {2008}}

@article{SST_SSH_1,
title = {The observed signature of mesoscale eddies in sea surface temperature and the associated heat transport},
journal = {Deep Sea Research Part I: Oceanographic Research Papers},
volume = {70},
pages = {60 - 72},
year = {2012},
issn = {0967-0637},
doi = {http://dx.doi.org/10.1016/j.dsr.2012.08.005},
url = {http://www.sciencedirect.com/science/article/pii/S0967063712001720},
author = {Ute Hausmann and Arnaud Czaja},
keywords = {Mesoscale},
keywords = {Sea surface temperature},
keywords = {Mixed-layer heat transport},
keywords = {Gulf Stream},
keywords = {Antarctic circumpolar current},
keywords = {Eddy-tracking}
}

@article {SST_SSH_2,
author = {Isern-Fontanet, Jordi and Lapeyre, Guillaume and Klein, Patrice and Chapron, Bertrand and Hecht, Matthew W.},
title = {Three-dimensional reconstruction of oceanic mesoscale currents from surface information},
journal = {Journal of Geophysical Research: Oceans},
volume = {113},
number = {C9},
issn = {2156-2202},
url = {http://dx.doi.org/10.1029/2007JC004692},
doi = {10.1029/2007JC004692},
pages = {n/a--n/a},
keywords = {Ocean observing systems, Instruments and techniques, Eddies and mesoscale processes, Upper ocean and mixed layer processes, Currents, Surface Quasi-Geostrophy, SST, 3D dynamics reconstruction},
year = {2008},
note = {C09005},
}


@article {SST_SSH_3,
author = {Klein, P. and Isern-Fontanet, J. and Lapeyre, G. and Roullet, G. and Danioux, E. and Chapron, B. and Le Gentil, S. and Sasaki, H.},
title = {Diagnosis of vertical velocities in the upper ocean from high resolution sea surface height},
journal = {Geophysical Research Letters},
volume = {36},
number = {12},
issn = {1944-8007},
url = {http://dx.doi.org/10.1029/2009GL038359},
doi = {10.1029/2009GL038359},
pages = {n/a--n/a},
keywords = {Ocean data assimilation and reanalysis, Eddies and mesoscale processes, Upper ocean and mixed layer processes, Internal and inertial waves, sea surface height, vertical velocity},
year = {2009},
note = {L12603},
}

@article {SST_SSH_4,
author = {LaCasce, J. H. and Mahadevan, A.},
title = {Estimating subsurface horizontal and vertical velocities from sea-surface temperature},
journal = {Journal of Marine Research},
volume = {64},
number = {5},
year = {2006-09-01T00:00:00},
pages = {695-721},
url = {http://www.ingentaconnect.com/content/jmr/jmr/2006/00000064/00000005/art00003},
doi = {doi:10.1357/002224006779367267}
}



@article {methods_1,
author = {Ali, M. M. and Swain, D. and Weller, R. A.},
title = {Estimation of ocean subsurface thermal structure from surface parameters: A neural network approach},
journal = {Geophysical Research Letters},
volume = {31},
number = {20},
issn = {1944-8007},
url = {http://dx.doi.org/10.1029/2004GL021192},
doi = {10.1029/2004GL021192},
pages = {n/a--n/a},
keywords = {Oceanic structures, Exploration Geophysics: Computational methods, potential fields, Oceanography: General: Ocean prediction, Upper ocean and mixed layer processes, Instruments and techniques},
year = {2004},
note = {L20308},
}

@Article{methods_2,
author={Chu, Peter C.
and Fan, Chenwu
and Liu, W. Timothy},
title={Determination of Vertical Thermal Structure from Sea Surface Temperature},
journal={Journal of Atmospheric and Oceanic Technology},
year={2000},
month={2016/01/21},
publisher={American Meteorological Society},
volume={17},
number={7},
pages={971-979},
issn={0739-0572},
doi={10.1175/1520-0426(2000)017<0971:DOVTSF>2.0.CO;2},
url={http://dx.doi.org/10.1175/1520-0426(2000)017<0971:DOVTSF>2.0.CO;2}
}

@Article{methods_3,
author={Wu, Xiangbai
and Yan, Xiao-Hai
and Jo, Young-Heon
and Liu, W. Timothy},
title={Estimation of Subsurface Temperature Anomaly in the North Atlantic Using a Self-Organizing Map Neural Network},
journal={Journal of Atmospheric and Oceanic Technology},
year={2012},
month={2016/01/21},
publisher={American Meteorological Society},
volume={29},
number={11},
pages={1675-1688},
issn={0739-0572},
doi={10.1175/JTECH-D-12-00013.1},
url={http://dx.doi.org/10.1175/JTECH-D-12-00013.1}
}

@Article{Held,
author = {Held,Isaac M. and Pierrehumbert,Raymond T. and Garner,Stephen T. and Swanson,Kyle L.},
title = {Surface quasi-geostrophic dynamics},
journal = {Journal of Fluid Mechanics},
volume = {282},
month = {1},
year = {1995},
issn = {1469-7645},
pages = {1--20},
numpages = {20},
doi = {10.1017/S0022112095000012},
URL = {http://journals.cambridge.org/article_S0022112095000012}
}



@article {casey,
author = {Casey, Kenneth S. and Adamec, David},
title = {Sea surface temperature and sea surface height variability in the North Pacific Ocean from 1993 to 1999},
journal = {Journal of Geophysical Research: Oceans},
volume = {107},
number = {C8},
issn = {2156-2202},
url = {http://dx.doi.org/10.1029/2001JC001060},
doi = {10.1029/2001JC001060},
pages = {14-1--14-12},
keywords = {Climate dynamics, Remote sensing, Climate and interannual variability, Oceanography: Physical: El Niño, sea surface temperature (SST), sea surface height (SSH), interannual variability, ENSO, TOPEX/Poseidon, AVHRR},
year = {2002},
}

@article {isern,
author = {Isern-Fontanet, J. and Chapron, B. and Lapeyre, G. and Klein, P.},
title = {Potential use of microwave sea surface temperatures for the estimation of ocean currents},
journal = {Geophysical Research Letters},
volume = {33},
number = {24},
issn = {1944-8007},
url = {http://dx.doi.org/10.1029/2006GL027801},
doi = {10.1029/2006GL027801},
pages = {n/a--n/a},
keywords = {Ocean observing systems, Remote sensing and electromagnetic processes, Currents, Eddies and mesoscale processes, Instruments and techniques, surface quasi-geostrophy, sea surface temperature, microwave radiometers},
year = {2006},
note = {L24608},
}

@Article{leuliette,
author={Leuliette, Eric W.
and Wahr, John M.},
title={Coupled Pattern Analysis of Sea Surface Temperature and {TOPEX/Poseidon} Sea Surface Height},
journal={Journal of Physical Oceanography},
year={1999},
month={2016/01/22},
publisher={American Meteorological Society},
volume={29},
number={4},
pages={599-611},
issn={0022-3670},
doi={10.1175/1520-0485(1999)029<0599:CPAOSS>2.0.CO;2},
url={http://dx.doi.org/10.1175/1520-0485(1999)029<0599:CPAOSS>2.0.CO;2}
}



@article {saraceno,
author = {Saraceno, Martin and Provost, Christine and Piola, Alberto R.},
title = {On the relationship between satellite-retrieved surface temperature fronts and chlorophyll a in the western South Atlantic},
journal = {Journal of Geophysical Research: Oceans},
volume = {110},
number = {C11},
issn = {2156-2202},
url = {http://dx.doi.org/10.1029/2004JC002736},
doi = {10.1029/2004JC002736},
pages = {n/a--n/a},
keywords = {Descriptive and regional oceanography, Diurnal, seasonal, and annual cycles, Remote sensing and electromagnetic processes, Fronts and jets, General circulation, fronts, chlorophyll, southwestern Atlantic},
year = {2005},
note = {C11016},
}

@article{Legoff,
title={Spatio-temporal decomposition of satellite-derived {SST}-{SSH} fields: links between surface data and ocean interior dynamics in the Aghulas region},
author ={ Le Goff, Clément and Tandéo, Pierre and Chapron, Bertrand and Fablet, Ronan},
journal={Selected Topics in Applied Earth Observations and Remote Sensing, IEEE Journal of},
year = {\noop{3002}Submitted},
}

@article{isern_fontanet,
Author = {Isern-Fontanet, J. and Shinde, {M.} and Gonz{\'a}lez-Haro, {C.}},
Journal =  {Journal of Physical Oceanography},
Owner = {cgonzalez},
Timestamp = {2013.01.07},
Title = {On the transfer function between surface fields and the geostrophic stream function in the {Mediterranean Sea}},
Volume = {44},
Pages={1406-1423},
doi={10.1175/JPO-D-13-0186.1},
Year = {2014}}

@ARTICLE{Cristina,
author = {Gonz{\'a}lez-Haro, C. and Isern-Fontanet, J.},
title = {Global ocean current reconstruction from altimetric and microwave {SST} measurements},
journal = {Journal of Geophysical Research: Oceans},
year = {2014},
volume = {119},
pages = {3378--3391},
number = {6},
doi = {10.1002/2013JC009728},
issn = {2169-9291},
keywords = {ocean currents, microwave SST, SQG theory, altimetry measurement, global ocean},
url = {http://dx.doi.org/10.1002/2013JC009728}
}

@incollection{proximal,
TITLE = {{Proximal Splitting Methods in Signal Processing}},
AUTHOR = {Combettes, Patrick Louis and Pesquet, Jean-Christophe},
URL = {https://hal.inria.fr/hal-00643807},
BOOKTITLE = {{Fixed-Point Algorithms for Inverse Problems in Science and Engineering}},
EDITOR = {Bauschke, H.H.; Burachik, R.S.; Combettes, P.L.; Elser, V.; Luke, D.R.; Wolkowicz, H. (Eds.)},
PUBLISHER = {{Springer}},
PAGES = {185-212},
YEAR = {2011},
DOI = {10.1007/978-1-4419-9569-8},
KEYWORDS = {sadco},
HAL_ID = {hal-00643807},
HAL_VERSION = {v1},
}

@article{tandeo,
author={Tandeo, P. and Chapron, B. and Ba, S. and Autret, E. and Fablet, R.},
journal={Geoscience and Remote Sensing, IEEE Transactions on},
title={Segmentation of Mesoscale Ocean Surface Dynamics Using Satellite SST and SSH Observations},
year={2014},
month={July},
volume={52},
number={7},
pages={4227-4235},
keywords={height measurement;ocean temperature;oceanographic techniques;regression analysis;sea level;SSH-SST spatiotemporal relationships;altimeter derived SSH;mesoscale ocean dynamics;mesoscale ocean surface dynamics segmentation;multisatellite measurements;novel latent class regression model;observation driven framework;ocean circulation;satellite SSH observations;satellite SST observations;sea surface height;sea surface temperature;upper ocean dynamics;Ocean temperature;Remote sensing;Sea surface;Spatiotemporal phenomena;Temperature measurement;Transfer functions;Altimetry;remote sensing;sea surface;statistics;temperature},
doi={10.1109/TGRS.2013.2280494},
ISSN={0196-2892},}


@misc{EM_notes,
  Author = {P. Smyth},
  Institution = {University of California},
  Howpublished = {University Lecture},
  Year = {2015},
  Title = {Finite Mixture Models and the EM Algorithm},
  url = {http://www.ics.uci.edu/~smyth/courses/cs274/notes/notes4.pdf}
}

@misc{ALS_notes,
  Author = {R. Zadeh and H. Li and B. He and M. Lublin and
Y. Perez},
  Institution = {Stanford University},
  Howpublished = {University Lecture},
  Year = {2015},
  Title = {CME 323: Distributed Algorithms and Optimization, Spring 2015},
  url = {http://stanford.edu/~rezab/dao/notes/lec14.pdf}
}

@ARTICLE{ALS_1,
   author = {{Hastie}, T. and {Mazumder}, R. and {Lee}, J. and {Zadeh}, R.
	},
    title = "{Matrix Completion and Low-Rank SVD via Fast Alternating Least Squares}",
  journal = {ArXiv e-prints},
archivePrefix = "arXiv",
   eprint = {1410.2596},
 primaryClass = "stat.ME",
 keywords = {Statistics - Methodology, Statistics - Machine Learning},
     year = 2014,
    month = oct,
   adsurl = {http://adsabs.harvard.edu/abs/2014arXiv1410.2596H},
  adsnote = {Provided by the SAO/NASA Astrophysics Data System}
}

@ARTICLE{ALS_2,
   author = {{Zachariah}, D. and {Sundin}, M. and {Jansson}, M. and {Chatterjee}, S.
	},
    title = "{Alternating Least-Squares for Low-Rank Matrix Reconstruction}",
  journal = {IEEE Signal Processing Letters},
archivePrefix = "arXiv",
   eprint = {1206.2493},
 primaryClass = "math.ST",
     year = 2012,
    month = apr,
   volume = 19,
    pages = {231-234},
      doi = {10.1109/LSP.2012.2188026},
   adsurl = {http://adsabs.harvard.edu/abs/2012ISPL...19..231Z},
  adsnote = {Provided by the SAO/NASA Astrophysics Data System}
}

@inproceedings{ALS_3,
 author = {G. Tak\'{a}cs and D. Tikk},
 title = {Alternating Least Squares for Personalized Ranking},
 booktitle = {Proceedings of the Sixth ACM Conference on Recommender Systems},
 series = {RecSys '12},
 year = {2012},
 isbn = {978-1-4503-1270-7},
 location = {Dublin, Ireland},
 pages = {83--90},
 numpages = {8},
 url = {http://doi.acm.org/10.1145/2365952.2365972},
 doi = {10.1145/2365952.2365972},
 acmid = {2365972},
 publisher = {ACM},
 address = {New York, NY, USA},
 keywords = {alternating least squares, collaborative filtering, ranking},
} 


@TechReport{EM_tutorial,
  author = 	 {J. Bilmes},
  title = 	 {A Gentle Tutorial of the {EM} algorithm and its application to Parameter Estimation for {G}aussian Mixture and Hidden {M}arkov Models},
  institution =  {ICSI},
  year = 	 {1997},
  number = 	 {TR-97-021},
  url = {http://melodi.ee.washington.edu/people/bilmes/mypubs/bilmes1997-em.pdf}
}


@TECHREPORT{EM_paper,
    author = {F. Dellaert},
    title = {The Expectation Maximization Algorithm},
    institution = {Georgia Institute of Technology},
    year = {2002},
    url = {http://www.cc.gatech.edu/~dellaert/em-paper.pdf}
}


@book{orthogonal,
  title={Mathematical Methods and Algorithms for Signal Processing},
  author={T.K. Moon and W.C. Stirling},
  isbn={9780201361865},
  lccn={99031038},
  url={https://books.google.fr/books?id=1xUfAQAAIAAJ},
  year={2000},
  publisher={Prentice Hall}
}


@article{shrink_1,
    author = {O. Ledoit and M. Wolf},
    citeulike-article-id = {13175241},
    citeulike-linkout-0 = {http://dx.doi.org/10.3905/jpm.2004.110},
    doi = {10.3905/jpm.2004.110},
    issn = {0095-4918},
    journal = {The Journal of Portfolio Management},
    month = jan,
    number = {4},
    pages = {110--119},
    posted-at = {2014-05-19 07:32:49},
    priority = {2},
    title = {{Honey, I Shrunk the Sample Covariance Matrix}},
    url = {http://dx.doi.org/10.3905/jpm.2004.110},
    volume = {30},
    year = {2004}
}

@article{shrink_2,
    author = {J. Schäfer and K. Strimmer},
    title = {A Shrinkage Approach to Large-Scale Covariance Matrix Estimation and Implications for Functional Genomics },
    year = {2005},
    journal = {Statistical Applications in Genetics and Molecular Biology, The Berkeley Electronic Press},
    url = {http://www.bepress.com/sagmb/vol4/iss1/art32/},
    volume = {4}
}

@article{OLS_1,
author = { W.R. Reed  and  H. Ye},
title = {Which panel data estimator should I use?},
journal = {Applied Economics},
volume = {43},
number = {8},
pages = {985-1000},
year = {2011},
doi = {10.1080/00036840802600087},

URL = { 
        http://dx.doi.org/10.1080/00036840802600087
    
},
eprint = { 
        http://dx.doi.org/10.1080/00036840802600087
    
}

}

@book{OLS_2,
  added-at = {2006-09-29T17:06:41.000+0200},
  address = {Cambridge and London},
  author = {, J.M. Wooldridge},
  biburl = {http://www.bibsonomy.org/bibtex/243450720ab17540e4fce3251239ec0e8/gerhard},
  file = {#F#},
  interhash = {7634506fe1e40831d09521e99547f88b},
  intrahash = {43450720ab17540e4fce3251239ec0e8},
  isbn = {0262232197},
  keywords = {Equation Econometrics Models Multiple/Simultaneous with Methods},
  publisher = {MIT Press},
  timestamp = {2006-09-29T17:06:41.000+0200},
  title = {Econometric analysis of cross section and panel data},
  year = 2002,
  chapter = 7
}


@ARTICLE{ozerov,
author={Ozerov, A. and Févotte, C.},
journal={Audio, Speech, and Language Processing, IEEE Transactions on},
title={Multichannel Nonnegative Matrix Factorization in Convolutive Mixtures for Audio Source Separation},
year={2010},
month={March},
volume={18},
number={3},
pages={550-563},
keywords={Fourier transforms;audio signal processing;blind source separation;convolution;matrix decomposition;speech processing;statistical analysis;Fourier transform;Itakura-Saito divergence;NMF methodology;blind separation;convolutive mixtures;decomposition algorithm;expectation-maximization algorithm;general data-driven object-based model;linear instantaneous mixing;multichannel audio data;multichannel data;multichannel nonnegative matrix factorization;multiplicative update algorithm;music sources;signal separation evaluation campaign;source signals;speech sources;statistical model;stereo audio source separation;superimposed Gaussian component;supervised separation;synthetic instantaneous mixtures;underdetermined convolutive mixture;Expectation-maximization (EM) algorithm;multichannel audio;nonnegative matrix factorization (NMF);nonnegative tensor factorization (NTF);underdetermined convolutive blind source separation (BSS)},
doi={10.1109/TASL.2009.2031510},
ISSN={1558-7916},}

@article{fevotte,
 author = {F{\'e}votte, C. and Bertin, N. and Durrieu, J.L.},
 title = {Nonnegative Matrix Factorization with the Itakura-saito Divergence: With Application to Music Analysis},
 journal = {Neural Comput.},
 issue_date = {March 2009},
 volume = {21},
 number = {3},
 month = mar,
 year = {2009},
 issn = {0899-7667},
 pages = {793--830},
 numpages = {38},
 url = {http://dx.doi.org/10.1162/neco.2008.04-08-771},
 doi = {10.1162/neco.2008.04-08-771},
 acmid = {1512591},
 publisher = {MIT Press},
 address = {Cambridge, MA, USA},
}

@incollection{sparse,
year={2005},
isbn={978-3-540-26208-4},
booktitle={Computational Intelligence and Bioinspired Systems},
volume={3512},
series={Lecture Notes in Computer Science},
editor={Cabestany, J. and Prieto, A. and Sandoval, F.},
doi={10.1007/11494669_31},
title={Extended Sparse Nonnegative Matrix Factorization},
url={http://dx.doi.org/10.1007/11494669_31},
publisher={Springer Berlin Heidelberg},
author={Stadlthanner, K. and Theis, F.J. and Puntonet, C.G. and Lang, E.W.},
pages={249-256},
language={English}
}

@INPROCEEDINGS{ICE_1,
author={Pieczynski, W.},
booktitle={Statistical Signal Processing, 2007. SSP '07. IEEE/SP 14th Workshop on},
title={Convergence of the Iterative Conditional Estimation and Application to Mixture Proportion Identification},
year={2007},
pages={49-53},
keywords={Computational modeling;Convergence;Ice;Image segmentation;Iterative methods;Parameter estimation;Random variables;Iterative conditional estimation;incomplete data;mixture estimation},
doi={10.1109/SSP.2007.4301216},
month={Aug},}


@INPROCEEDINGS{ICE_2,
    author = {O. Aliagnat and J.M. Boucher and D.C. He and W. Pieczynski and Universitc De Sherbrooke},
    title = {Hidden Markov Fields and Unsupervised Segmentation of Images},
    booktitle = {IAPR 11th International Conference on Pattern Recognition (ICPR 92)},
    year = {1992}
}

@INPROCEEDINGS{ICE_3,
    author = {W. Pieczynski},
    title = {Parameter estimation in the case of hidden data},
    booktitle = {"Proceedings 16th Biennal Symposium on Communications", Kingston, Canada},
    year = {1992}
}

@MISC{ICE_4,
    author = {W. Pieczynski},
    title = {Champs de Markov cachés et estimation conditionnelle itérative},
    publisher = {GRETSI, Saint Martin d'Hères, France},
    url = {http://hdl.handle.net/2042/2458},
    year = {1994}
}

@inproceedings{kmeans_1,
    author = {Macqueen, J. B.},
    booktitle = {Procedings of the Fifth Berkeley Symposium on Math, Statistics, and Probability},
    citeulike-article-id = {176467},
    keywords = {clustering},
    pages = {281--297},
    posted-at = {2009-02-09 14:08:38},
    priority = {2},
    publisher = {University of California Press},
    title = {{Some Methods for classification and analysis of multivariate observations}},
    volume = {1},
    year = {1967}
}

@INPROCEEDINGS{kmeans_2,
author={S. Na and L. Xumin and G. Yong},
booktitle={Intelligent Information Technology and Security Informatics (IITSI), 2010 Third International Symposium on},
title={Research on k-means Clustering Algorithm: An Improved k-means Clustering Algorithm},
year={2010},
pages={63-67},
keywords={data mining;pattern clustering;cluster centers;clustering analysis method;data mining;data object;k-means clustering algorithm;Algorithm design and analysis;Clustering algorithms;Computational complexity;Data engineering;Data mining;Educational institutions;Information analysis;Iterative algorithms;Machine learning;Partitioning algorithms;clustering analysis;computational complexity;distance;k-means algorithm},
doi={10.1109/IITSI.2010.74},
month={April},}

@ARTICLE{kmeans_3,
author={Kanungo, T. and Mount, D.M. and Netanyahu, N.S. and Piatko, C.D. and Silverman, R. and Wu, A.Y.},
journal={Pattern Analysis and Machine Intelligence, IEEE Transactions on},
title={An efficient k-means clustering algorithm: analysis and implementation},
year={2002},
volume={24},
number={7},
pages={881-892},
keywords={covariance matrices;filtering theory;pattern clustering;Lloyd algorithm;color quantization;data compression;data structure;data-sensitive analysis;filtering algorithm;image segmentation;k-means clustering algorithm;kd-tree;mean squared distance;Algorithm design and analysis;Clustering algorithms;Data analysis;Data compression;Data mining;Data structures;Filtering algorithms;Iterative algorithms;Machine learning algorithms;Pattern recognition},
doi={10.1109/TPAMI.2002.1017616},
ISSN={0162-8828},
month={Jul},}

@article{kernel_1,
    author = {B. Schölkopf and A. Smola and E. Smola and K.R. Müller},
    title = {Nonlinear Component Analysis as a Kernel Eigenvalue Problem},
    journal = {Neural Computation},
    year = {1998},
    volume = {10},
    pages = {1299--1319}
}

@article{kernel_2,
  author    = {Q. Wang},
  title     = {Kernel Principal Component Analysis and its Applications in Face Recognition
               and Active Shape Models},
  journal   = {CoRR},
  volume    = {abs/1207.3538},
  year      = {2012},
  url       = {http://arxiv.org/abs/1207.3538},
  timestamp = {Wed, 10 Oct 2012 21:28:54 +0200},
  biburl    = {http://dblp.uni-trier.de/rec/bib/journals/corr/abs-1207-3538},
  bibsource = {dblp computer science bibliography, http://dblp.org}
}

@ARTICLE{MIMO_1,
author={Abed-Meraim, K. and Loubaton, P. and Moulines, E.},
journal={Information Theory, IEEE Transactions on},
title={A subspace algorithm for certain blind identification problems},
year={1997},
volume={43},
number={2},
pages={499-511},
keywords={FIR filters;covariance matrices;filtering theory;identification;moving average processes;transfer functions;FIR transfer functions;MA model estimations;asymptotic covariance;asymptotic performance analysis;blind identification problems;covariance matrix;estimation method;multichannel FIR filters;noise subspace;numerical simulations;output signals;rational subspaces;subspace algorithm;subspace identification methods;transfer function;Additive white noise;Covariance matrix;Finite impulse response filter;Numerical simulation;Performance analysis;Polynomials;Signal processing;Signal to noise ratio;System identification;Transfer functions},
doi={10.1109/18.556108},
ISSN={0018-9448},
month={Mar},}

@ARTICLE{MIMO_2,
author={Eidinger, E. and Yeredor, A.},
journal={Signal Processing, IEEE Transactions on},
title={Blind MIMO identification using the second characteristic function},
year={2005},
volume={53},
number={11},
pages={4067-4079},
keywords={Hessian matrices;MIMO systems;blind source separation;deconvolution;frequency estimation;frequency response;higher order statistics;Hessian matrix;blind MIMO identification;convolutive blind source separation;deconvolution;frequency response matrix;high-order statistics;joint diagonalization;multiinput-multioutput system;permutation ambiguity;phase ambiguity;polyspectra;second characteristic function;signal-to-noise ratio;time-lagged joint cumulant;Frequency estimation;Frequency response;MIMO;Matrices;Phase estimation;Signal resolution;Signal to noise ratio;Stability;Statistics;Yield estimation;Blind MIMO Deconvolution;blind MIMO identification;characteristic function;convolutive blind source separation;joint diagonalization;permutation ambiguity;phase ambiguity},
doi={10.1109/TSP.2005.857022},
ISSN={1053-587X},
month={Nov},}

@article{latent,
year={1988},
issn={0176-4268},
journal={Journal of Classification},
volume={5},
number={2},
doi={10.1007/BF01897167},
title={A maximum likelihood methodology for clusterwise linear regression},
url={http://dx.doi.org/10.1007/BF01897167},
publisher={Springer-Verlag},
keywords={Cluster analysis; Multiple regression; Maximum likelihood estimation; E-M algorithm; Marketing trade shows},
author={DeSarbo, W.S. and Cron, W.L.},
pages={249-282},
language={English},
}

@article{parts,
	title = {Learning the parts of objects by non-negative matrix factorization},
	volume = {401},
	issn = {0028-0836},
	url = {http://dx.doi.org/10.1038/44565},
	doi = {10.1038/44565},
	number = {6755},
	journal = {Nature},
	author = {Lee, D.D. and Seung, H.S.},
	month = oct,
	year = {1999},
	pages = {788--791}
}

@ARTICLE{lasso,
    author = {R. Tibshirani},
    title = {Regression Shrinkage and Selection Via the Lasso},
    journal = {Journal of the Royal Statistical Society, Series B},
    year = {1994},
    volume = {58},
    pages = {267--288}
}

@INPROCEEDINGS{multi,
author={Burr, A.G.},
booktitle={Multipath Countermeasures, IEE Colloquium on},
title={The multipath problem: an overview},
year={1996},
pages={1/1-1/7},
keywords={channel coding;fading;forward error correction;interference suppression;multipath channels;optical communication;radiofrequency interference;FEC coding;dispersion;fading;multipath;narrow-band system;wide band system},
doi={10.1049/ic:19960754},
month={May},}

@INPROCEEDINGS{BSS,
author={Pal, M. and Roy, R. and Basu, J. and Bepari, M.S.},
booktitle={Oriental COCOSDA held jointly with 2013 Conference on Asian Spoken Language Research and Evaluation (O-COCOSDA/CASLRE), 2013 International Conference},
title={Blind source separation: A review and analysis},
year={2013},
pages={1-5},
keywords={blind source separation;independent component analysis;ICA;blind source separation;independent component analysis;Blind source separation;Microphones;Signal processing algorithms;Speech;Speech recognition;Blind Source Separation;De-mixing;Independent Component Analysis;Mixing},
doi={10.1109/ICSDA.2013.6709849},
month={Nov},}

@MISC{Lapeyre,
    author = {G. Lapeyre and P. Klein},
    title = {Dynamics of the Upper Oceanic Layers in Terms of Surface Quasigeostrophy Theory},
    year = {2006}
}

@MISC{Klein,
    author = {P. Klein and B.L. Hua and G. Lapeyre and others},
    title = { Upper Ocean Turbulence from High-Resolution 3D Simulations},
    year = {2008}
}

@inproceedings{NNLD,
author = {Lopez-Radcenco, M. and Aissa-El-Bey, A. and Ailliot, P. and Fablet, R. and Tandeo, P.},
title = {{Non-negative decomposition of linear relationships: application to multi-source ocean remote sensing data}},
booktitle = {ICASSP 2016: 41st IEEE International Conference on Acoustics, Speech and Signal Processing},
year = {2016},
pages = {4179-4183}
}

@ARTICLE{jstars,
author={López-Radcenco, Manuel and Aïssa-El-Bey, Abdeldjalil and Ailliot, Pierre and  Tandéo, Pierre and Chapron, Bertrand and Fablet, Ronan},
title={Non-negative Multi-modal Decomposition of Sea Surface Dynamics from Satellite-derived {SST-SSH} Data},
journal={}, 
year={\noop{ } In preparation},
}

@incollection{ L96_2, author = "Edward N. Lorenz", editor = "Tim Palmer and Renate Hagedorn", title = {Predictability – a problem partly solved}, booktitle = {Predictability of Weather and Climate}, publisher = {Cambridge University Press}, year = {2006}, pages = {40--58}, isbn = {9780511617652}, note = {Cambridge Books Online}, url = {http://dx.doi.org/10.1017/CBO9780511617652.004} }

@article{L96_1,
   author = "Karimi, A. and Paul, M. R.",
   title = "Extensive chaos in the Lorenz-96 model",
   journal = "Chaos",
   year = "2010",
   volume = "20",
   number = "4", 
   eid = 043105,
   pages = "",
   url = "http://scitation.aip.org/content/aip/journal/chaos/20/4/10.1063/1.3496397",
   doi = "http://dx.doi.org/10.1063/1.3496397" 
}

@article{armijo,
author = "Armijo, Larry",
fjournal = "Pacific Journal of Mathematics",
journal = "Pacific J. Math.",
number = "1",
pages = "1--3",
publisher = "Pacific Journal of Mathematics, A Non-profit Corporation",
title = "Minimization of functions having Lipschitz continuous first partial derivatives.",
url = "http://projecteuclid.org/euclid.pjm/1102995080",
volume = "16",
year = "1966"
}


@article{Moreau1965,
author = {Moreau, J.J.},
journal = {Bulletin de la Société Mathématique de France},
keywords = {functional analysis},
language = {fre},
pages = {273-299},
publisher = {Société mathématique de France},
title = {Proximité et dualité dans un espace hilbertien},
url = {http://eudml.org/doc/87067},
volume = {93},
year = {1965},
}

@misc{prox,
  Author = {Yao-Liang Yu},
  Institution = {Machine Learning Departement, Carnegie Melon University},
  Howpublished = {University Lecture},
  Year = {2014},
  Title = {The Proximity Operator},
  url = {http://www.cs.cmu.edu/~yaoliang/mynotes/po.pdf}
}

@ARTICLE{aharon,
author={M. Aharon and M. Elad and A. Bruckstein},
journal={IEEE Transactions on Signal Processing},
title={\rm K -SVD: An Algorithm for Designing Overcomplete Dictionaries for Sparse Representation},
year={2006},
volume={54},
number={11},
pages={4311-4322},
keywords={image coding;image representation;iterative methods;singular value decomposition;transforms;K-SVD;K-means clustering process;image data;iterative method;linear transforms;overcomplete dictionary;signals sparse representation;sparse coding;sparsity constraints;Algorithm design and analysis;Clustering algorithms;Dictionaries;Feature extraction;Inverse problems;Iterative algorithms;Matching pursuit algorithms;Prototypes;Pursuit algorithms;Signal design;Atom decomposition;FOCUSS;basis pursuit;codebook;dictionary;gain-shape VQ;matching pursuit;sparse representation;training;vector quantization},
doi={10.1109/TSP.2006.881199},
ISSN={1053-587X},
month={Nov},}

@MISC{Rubinstein,
    author = {Ron Rubinstein and Michael Zibulevsky and Michael Elad},
    title = {Efficient Implementation of the K-SVD Algorithm using Batch Orthogonal Matching Pursuit},
    year = {}
}

@INPROCEEDINGS{nnksvd,
    author = {Michal Aharon and Michael Elad and Alfred M. Bruckstein},
    title = {K-SVD and its non-negative variant for dictionary design},
    booktitle = {Proceedings of the SPIE conference wavelets},
    year = {2005},
    pages = {327--339}
}

@ARTICLE{double_sparse,
author={R. Rubinstein and M. Zibulevsky and M. Elad},
journal={IEEE Transactions on Signal Processing},
title={Double Sparsity: Learning Sparse Dictionaries for Sparse Signal Approximation},
year={2010},
volume={58},
number={3},
pages={1553-1564},
keywords={image coding;image denoising;sparse matrices;3D image denoising;computed tomography;double sparsity;learning sparse dictionaries;signal representation;sparse coding;sparse signal approximation;Computed tomography;K-SVD;dictionary learning;signal denoising;sparse coding;sparse representation},
doi={10.1109/TSP.2009.2036477},
ISSN={1053-587X},
month={March},}

@ARTICLE{aksvd,
author={R. Rubinstein and T. Peleg and M. Elad},
journal={IEEE Transactions on Signal Processing},
title={Analysis K-SVD: A Dictionary-Learning Algorithm for the Analysis Sparse Model},
year={2013},
volume={61},
number={3},
pages={661-677},
keywords={dictionaries;greedy algorithms;learning (artificial intelligence);optimisation;signal representation;signal synthesis;singular value decomposition;K-SVD analysis;analysis sparse model;dictionary-learning algorithm;linear combination decomposition;optimized backward greedy algorithm;signals representation;synthesis-based sparse representation model;tailored pursuit algorithm;Algorithm design and analysis;Analytical models;Dictionaries;Mathematical model;Noise measurement;Noise reduction;Vectors;Analysis Model;Backward Greedy (BG) Pursuit;K-SVD;dictionary learning;image denosing;optimized backward greedy pursuit (OBG);sparse representations;synthesis model},
doi={10.1109/TSP.2012.2226445},
ISSN={1053-587X},
month={Feb},}

@ARTICLE{tksvd,
author={E. M. Eksioglu and O. Bayir},
journal={IEEE Signal Processing Letters},
title={K-SVD Meets Transform Learning: Transform K-SVD},
year={2014},
volume={21},
number={3},
pages={347-351},
keywords={encoding;image denoising;signal representation;singular value decomposition;transforms;analysis K-SVD;analysis dictionary learning;analysis operator learning;analysis sparsity models;sparse coding;sparse signal representation;transform K-SVD;transform operator learning algorithm;Algorithm design and analysis;Analytical models;Dictionaries;Minimization;Signal processing algorithms;Transforms;Vectors;Analysis operator learning;dictionary learning;sparse representation;sparsifying transform learning},
doi={10.1109/LSP.2014.2303076},
ISSN={1070-9908},
month={March},}

@INPROCEEDINGS{fksvd,
author={Q. Zhang and B. Li},
booktitle={Computer Vision and Pattern Recognition (CVPR), 2010 IEEE Conference on},
title={Discriminative K-SVD for dictionary learning in face recognition},
year={2010},
pages={2691-2698},
keywords={face recognition;learning (artificial intelligence);optimisation;pattern classification;AR database;D-KSVD;YaleB database;dictionary learning;discriminative K-SVD;linear classifier;optimization;over complete dictionary;sparse representation based face recognition;Computer vision;Databases;Dictionaries;Face detection;Face recognition;Feature extraction;Image coding;Image recognition;Iterative algorithms;Optimization methods},
doi={10.1109/CVPR.2010.5539989},
ISSN={1063-6919},
month={June},}